<?xml version="1.0" encoding="UTF-8"?><collection xmlns="http://www.loc.gov/MARC21/slim"><record><leader>00621nam--2200205-i-4500</leader><controlfield tag="001">000003408</controlfield><controlfield tag="002">20161230</controlfield><controlfield tag="005">20161230201025</controlfield><controlfield tag="008">060222s1000------------r-----000-0-fre-d</controlfield><datafield ind1=" " ind2=" " tag="040"><subfield code="a">IFIN-HH</subfield></datafield><datafield ind1=" " ind2=" " tag="041"><subfield code="a">fre</subfield></datafield><datafield ind1=" " ind2=" " tag="080"><subfield code="a">537</subfield></datafield><datafield ind1="1" ind2=" " tag="100"><subfield code="a">Bruhat, G</subfield></datafield><datafield ind1="1" ind2="0" tag="245"><subfield code="a">Electricite</subfield><subfield code="b">Cours de physique generale a l'usage de l'enseignement superieur sceintifique et tehnique</subfield><subfield code="c">G. bruhat</subfield></datafield><datafield ind1=" " ind2=" " tag="250"><subfield code="a">Cinquieme Edition Revue Et Corrigee. Deuxieme Tirage</subfield></datafield><datafield ind1=" " ind2=" " tag="260"><subfield code="a">Paris</subfield><subfield code="b">Masson &amp; C-ie</subfield><subfield code="c">1947</subfield></datafield><datafield ind1=" " ind2=" " tag="300"><subfield code="a">VIII + 762 P</subfield></datafield><datafield ind1=" " ind2=" " tag="490"><subfield code="a">Cours De Physique Generale</subfield></datafield><datafield ind1=" " ind2=" " tag="852"><subfield code="a">1267</subfield><subfield code="c">537:538</subfield></datafield><datafield ind1=" " ind2=" " tag="CAT"><subfield code="a">Sys</subfield><subfield code="c">20110607</subfield><subfield code="h">131801</subfield></datafield></record></collection>